@inproceedings{Jochim2018SLIDEA,
  title={SLIDE - a Sentiment Lexicon of Common Idioms},
  author={Charles Jochim and Francesca Bonin and Roy Bar-Haim and Noam Slonim},
  booktitle={LREC},
  year={2018}
}